@misc{why-funcan,
    title       = {What is the main purpose of learning about different spaces, like Hilbert, Banach, etc?},
    note        = {https://math.stackexchange.com/questions/1645391/what-is-the-main-purpose-of-learning-about-different-spaces-like-hilbert-banac},
    langid      = {english}
}

@misc{why-pure-math,
    title       = {What is the "purpose" of pure mathematics? \\},
    note        = {https://www.reddit.com/r/math/comments/3iu0a8/what\_is\_the\_purpose\_of\_pure\_mathematics/},
    langid      = {english}
}

@misc{phil,
    author      = {Львов А.А.},
    title       = {Курс лекций по дисциплине "История и философия науки". Лекция 5. Эксперимент и классическая наука Нового времени},
    note        = {https://youtu.be/N3vL4KEaxo4}
}

@book{kollats,
    author      = {Л. Коллатц},
    title       = {Функциональный анализ и вычислительная математика},
    address     = {Москва},
    publisher   = {Мир},
    numpages    = {448},
    pagetotal   = {448},
    year        = {1969}
}

@book{aristotel,
    author      = {Аристотель},
    title       = {Аналитики},
    address     = {Ленинград},
    publisher   = {Госполитиздат},
    numpages    = {437},
    pagetotal   = {437},
    year        = {1952}
}

@InCollection{bacon,
	author       =	{Klein, Jürgen},
	title        =	{Francis Bacon},
	booktitle    =	{The Stanford Encyclopedia of Philosophy},
	editor       =	{Edward N. Zalta},
	howpublished =	{\url{https://plato.stanford.edu/archives/win2016/entries/francis-bacon/}},
	year         =	{2016},
	edition      =	{Winter 2016},
	publisher    =	{Metaphysics Research Lab, Stanford University}
}

@inproceedings{doerr,
 author = {Doerr, Benjamin and Doerr, Carola},
 title = {Theory for Non-Theoreticians},
 booktitle = {Proceedings of the 2016 on Genetic and Evolutionary Computation Conference Companion},
 series = {GECCO '16 Companion},
 year = {2016},
 isbn = {978-1-4503-4323-7},
 location = {Denver, Colorado, USA},
 pages = {463--482},
 numpages = {20},
 url = {http://doi.acm.org/10.1145/2908961.2926982},
 doi = {10.1145/2908961.2926982},
 acmid = {2926982},
 publisher = {ACM},
 address = {New York, NY, USA},
 keywords = {theory of randomized search heuristics},
}

@misc{topology,
  title = {Appliedtopology - Source material for Topological Data Analysis},
  note = {http://appliedtopology.org/source-material-for-topological-data-analysis/}
}

@Book{games,
 author = {Neumann, John},
 title = {Theory of games and economic behavior},
 publisher = {Princeton University Press},
 year = {2007},
 address = {Princeton},
 isbn = {9780691130613}
 }

 @book{numbers,
 author = {Goodrich, Michael and Tamassia, Roberto},
 year = {2002},
 month = {01},
 pages = {451-510},
 title = {Algorithm design: Foundations, analysis, and Internet examples},
 isbn = {978-0-471-38365-9}
 }

 @book{quantum,
   title={Mathematical Foundations of Quantum Mechanics},
   author={von Neumann, J. and Beyer, R.T.},
   isbn={9780691028934},
   lccn={53010143},
   series={Investigations in physics},
   url={https://books.google.ru/books?id=JLyCo3RO4qUC},
   year={1996},
   publisher={Princeton University Press}
 }

 @book{descartes,
   title={Рассуждение о методе, с приложениями: Диоптрика, Метеоры, Геометрия},
   author={Дескартес, Р.},
   lccn={53039942},
   series={Классики науки},
   url={https://books.google.ru/books?id=X8MJAAAAMAAJ},
   year={1953},
   publisher={Изд-во Академии наук СССР}
 }

 @book{boole,
   place={Cambridge},
   series={Cambridge Library Collection - Mathematics},
   title={The Mathematical Analysis of Logic: Being an Essay Towards a Calculus of Deductive Reasoning},
   DOI={10.1017/CBO9780511701337},
   publisher={Cambridge University Press},
   author={Boole,
   George},
   year={2009},
   collection={Cambridge Library Collection - Mathematics}
 }

 @book{prob,
    place={Cambridge},
    title={Functional Analysis for Probability and Stochastic Processes: An Introduction},
    DOI={10.1017/CBO9780511614583},
    publisher={Cambridge University Press},
    author={Bobrowski, Adam},
    year={2005}
 }

 @article{plateau,
   author    = {Denis Antipov and
                Benjamin Doerr},
   title     = {Precise Runtime Analysis for Plateaus},
   journal   = {CoRR},
   volume    = {abs/1806.01331},
   year      = {2018},
   url       = {http://arxiv.org/abs/1806.01331},
   archivePrefix = {arXiv},
   eprint    = {1806.01331},
   timestamp = {Mon, 13 Aug 2018 16:47:38 +0200},
   biburl    = {https://dblp.org/rec/bib/journals/corr/abs-1806-01331},
   bibsource = {dblp computer science bibliography, https://dblp.org}
 }
